@article{bell1964einstein,
  title={On the Einstein Podolsky Rosen paradox},
  author={Bell, John Stewart},
  journal={Physics Physique Fizika},
  volume={1},
  number={3},
  pages={195},
  year={1964}
}

@article{collins2002bell,
  title={Bell inequalities for arbitrarily high-dimensional systems},
  author={Collins, Daniel and Gisin, Nicolas and Linden, Noah and Massar, Serge and Popescu, Sandu},
  journal={Physical Review Letters},
  volume={88},
  number={4},
  pages={040404},
  year={2002},
  publisher={APS}
}

@inproceedings{cook1971complexity,
  title={The complexity of theorem-proving procedures},
  author={Cook, Stephen A},
  booktitle={Proceedings of the third annual ACM symposium on Theory of computing},
  pages={151--158},
  year={1971}
}

@article{hardy1918asymptotic,
  title={Asymptotic formulae in combinatory analysis},
  author={Hardy, Godfrey Harold and Ramanujan, S.}, % Corrected co-author
  journal={Proceedings of the London Mathematical Society},
  volume={2},
  number={1},
  pages={76--115},
  year={1918},
  publisher={Wiley Online Library}
}

@inproceedings{karp1972reducibility,
  title={Reducibility among combinatorial problems},
  author={Karp, Richard M},
  booktitle={Complexity of computer computations},
  pages={85--103},
  year={1972},
  publisher={Springer}
}

@article{kipf2016semi,
  title={Semi-supervised classification with graph convolutional networks},
  author={Kipf, Thomas N and Welling, Max},
  journal={arXiv preprint arXiv:1609.02907},
  year={2016}
}

@book{welsh1993complexity,
  title={Complexity: knots, colourings and counting},
  author={Welsh, Dominic JA},
  year={1993},
  publisher={Cambridge University Press}
}
